@misc{1,
	author = {Barthe, G. and Gr´egoire, B. and Zanella B´eguelin, S},
	year = {2009},
	title = {Formal certification of code-based
cryptographic proofs},
	journal = {Proceedings of the 36th ACM Symposium on Principles
of Programming Languages},
	publisher = {ACM Press}
	}
	
@article{2,
	author = { Goldwasser, S. and Micali, S.},
	year = {1984},
	title = {Probabilistic encryption},
	journal = {J. Comput. Syst. Sci},
	volume = {28},
	pages = {270--299}
	}

@article{3,
	author = {Stern, J.},
	year = {2003},
	title = {Why provable security matters?},
	journal = {Lecture Notes in Computer Science},
	volume = {2656}
	}
	
@article{4,
	author = {Bellare, M. and Rogaway, P.},
	year = {2006},
	title = {The security of triple encryption and a framework for
code-based game-playing proofs In: Advances in Cryptology – EUROCRYPT’06},
	journal = {Lecture Notes in Computer Science},
	volume = {4004},
	pages = {409--426}
	}
	
@article{5,
	author = {Halevi, S.},
	year = {2005},
	title = {A plausible approach to computer-aided cryptographic proofs.},
	journal = {Cryptology ePrint Archive},
	volume = {2005/181}
	}

@article{6,
	author = {Shoup, V.},
	year = {2004},
	title = {Sequences of games: a tool for taming complexity in security proofs},
	journal = {Cryptology ePrint Archive},
	volume = {2004/332}
	}	
 
@misc{7,
	author = {The Coq development team},
	title = {The Coq Proof Assistant Reference Manual},
	volume = {8.2},
	year = {2008},
	note = {Available at: \href{http://coq.inria.fr}{http://coq.inria.fr}}
	}
	
@article{8,
	author = {Sabelfeld, A. and Sands, D.},
	year = {2001},
	title = {A per model of secure information flow in sequential
programs},
	journal = {Higher-Order and Symbolic Computation},
	volume = {14(1)},
	pages = {29--91}
	}
	
@article{9,
	author = { Audebaud, P. and Paulin-Mohring, C.},
	year = {2008},
	title = {Proofs of randomized algorithms in Coq},
	journal = {Science of Computer Programming}
	}

@conference{10,
	author = {Benton, N.},
	year = {2004},
	title = {Simple relational correctness proofs for static analyses and program
transformations},
	booktitle = { Proceedings of the 31th ACM Symposium on Principles of
Programming Languages},
	publisher = {ACM Press},
	pages = {14--25}
	}

@article{11,
	author = {Jonsson, B. and Larsen, K.G. and Yi, W.},
	year = {2001},
	title = {Probabilistic extensions of process algebras},
	journal = {Handbook of Process Algebra},
	publisher = {Elseveier},
	pages = {685--711}
	}
	
@article{12,
	author = {Nowak, D.},
	year = {2007},
	title = {A framework for game-based security proofs},
	journal = {Information and
Communications Security},
	publisher = {Springer-Verlag},
	volume = {4861},
	pages = {319--333}
	}
	
@conference{13,
	author = { Barthe, G. and Cederquist, J. and Tarento, S.},
	year = {2004},
	title = {A machine-checked formalization of the
generic model and the random oracle model},
	booktitle = {2nd International Joint Conference
on Automated Reasoning},
	publisher = {Springer-Verlag},
	pages = {385--399}
	}

@article{14,
	author = { Corin, R. and den Hartog, J.},
	year = {2006},
	title = { A probabilistic Hoare-style logic for game-based cryptographic proofs. In: Proceedings of the 33rd International Colloquium on Automata,
Languages and Programming.},
	journal = {Lecture Notes in Computer Science},
	volume = {4052},
	pages = {252--263}
	}